<?xml version="1.0" encoding="UTF-8"?><collection xmlns="http://www.loc.gov/MARC21/slim"><record><leader>00390nam--2200157-u-4500</leader><controlfield tag="001">000051063</controlfield><controlfield tag="002">20161230</controlfield><controlfield tag="005">20161230201049</controlfield><controlfield tag="008">080515s1000------------r-----000-0-eng-d</controlfield><datafield ind1=" " ind2=" " tag="040"><subfield code="a">IFIN-HH</subfield></datafield><datafield ind1=" " ind2=" " tag="080"><subfield code="a">512.55</subfield></datafield><datafield ind1="1" ind2=" " tag="100"><subfield code="a">Bratteli,U. i Robinson,D</subfield></datafield><datafield ind1="1" ind2="0" tag="245"><subfield code="a">Operatornye Algebry i Kvantovaya Mekhanika</subfield></datafield><datafield ind1=" " ind2=" " tag="260"><subfield code="a">Moskva</subfield><subfield code="b">Mir</subfield><subfield code="c">1982</subfield></datafield><datafield ind1=" " ind2=" " tag="300"><subfield code="a">509 p</subfield></datafield><datafield ind1=" " ind2=" " tag="CAT"><subfield code="a">Sys</subfield><subfield code="c">20080515</subfield><subfield code="h">120337</subfield></datafield></record></collection>